@misc{nubank2023resultados,
  author = {Nubank},
  title  = {Nubank registra lucro líquido de US\$ 1 bilhão em 2023: conheça os últimos resultados do Nu},
  year   = {2024},
  url    = {https://blog.nubank.com.br/resultados-nubank-4o-trimestre-2023/},
  note   = {Acesso em: 8 out. 2024}
}
