@misc{nubank2024protecao,
  author = {Nubank},
  title  = {Como registrar uma marca? Saiba a diferen√ßa entre registro e patente},
  year   = {2024},
  url    = {https://blog.nubank.com.br/registro-marca/},
  note   = {Acesso em: 8 out. 2024}
}

