@online{reed_hastings_wikipedia,
  author = {Wikipedia contributors},
  title  = {Reed Hastings},
  year   = {2024},
  url    = {https://en.wikipedia.org/wiki/Reed_Hastings},
  note   = {Acesso em: 22 set. 2024}
}

@online{marc_randolph_wikipedia,
  author = {Wikipedia contributors},
  title  = {Marc Randolph},
  year   = {2024},
  url    = {https://pt.wikipedia.org/wiki/Marc_Randolph},
  note   = {Acesso em: 22 set. 2024}
}
