@podcast{sigrist2023,
  author = {Patrick Sigrist},
  title  = {Episódio 22 - Patrick Sigrist, Fundador do iFood e da Nomad},
  year   = {2023},
  note   = {Podcast oficial da Brazil at Silicon Valley},
  url    = {https://www.buzzsprout.com/844222/12625343}
}

@article{fioravante2023,
  author = {Felipe Ramos Fioravante},
  title  = {Investing Profile},
  year   = {2023},
  url    = {https://signal.nfx.com/investors/felipe-ramos-fioravante}
}

@article{baer2023,
  author = {Eduardo Baer},
  title  = {Co-Fundador da iFood},
  year   = {2023},
  note   = {Fonte Institucional da iFood},
  url    = {https://www.baguete.com.br/noticias/29/03/2023/fundador-do-ifood-e-novo-coo-da-nomad}
}

@article{bonifacio2023,
  author = {Guilherme Bonifácio},
  title  = {Engenheiro Civil e Cofundador da iFood},
  year   = {2023},
  url    = {https://distrito.me/blog/guilherme-bonifacio-ifood/}
}
