@online{ifood2023,
  author = {iFood},
  title = {O que é o iFood? Conheça a história e a operação da empresa},
  year = {2023},
  url = {https://institucional.ifood.com.br/noticias/o-que-e-o-ifood/},
  note = {Acesso em: 28 set. 2024}
}
