@online{netflix_servicos,
  author = {Netflix},
  title  = {Netflix Brasil - Assista a s√©ries online, veja filmes online},
  year   = {2024},
  url    = {https://www.netflix.com/br/},
  note   = {Acesso em: 22 set. 2024}
}
