@misc{nubankinstitutonu2024,
  author = {Nubank},
  title  = {Nubank lança o Instituto Nu, a nova plataforma de inovação social},
  year   = {2024},
  url    = {https://blog.nubank.com.br/nubank-lanca-instituto-nu-a-nova-plataforma-de-inovacao-social/},
  note   = {Acesso em: 8 out. 2024}
}
