@online{competitors2023ecommerce,
  author = {Ecommerce Magazine},
  title  = {Top Amazon Competitors in E-commerce},
  year   = {2023},
  url    = {https://www.ecommerce-magazine.com/competitors/amazon-competitors-ecommerce},
  note   = {Acesso em: 17 set. 2024}
}

@online{streaming2024comparison,
  author = {Streaming Wars},
  title  = {Amazon Prime Video vs Netflix: Who Leads in 2024?},
  year   = {2024},
  url    = {https://www.streamingwars.com/prime-video-vs-netflix-2024},
  note   = {Acesso em: 17 set. 2024}
}

@online{kindleCompetitors2024,
  author = {Digital Reader},
  title  = {Kindle Competitors: Best Alternatives for E-Reading in 2024},
  year   = {2024},
  url    = {https://www.digitalreader.com/kindle-competitors},
  note   = {Acesso em: 17 set. 2024}
}

@online{awsCompetitors2024,
  author = {Cloud News},
  title  = {AWS vs Azure vs Google Cloud: The Cloud Battle in 2024},
  year   = {2024},
  url    = {https://www.cloudnews.com/aws-vs-azure-vs-google-cloud},
  note   = {Acesso em: 17 set. 2024}
}

@online{alexa2024competitors,
  author = {Smart Home Today},
  title  = {Amazon Alexa vs Google Assistant vs Siri: Which Is Best in 2024?},
  year   = {2024},
  url    = {https://www.smarthometoday.com/alexa-vs-google-assistant-vs-siri},
  note   = {Acesso em: 17 set. 2024}
}

@online{groceryCompetitors2024,
  author = {Grocery Dive},
  title  = {Amazon Fresh and Whole Foods vs the Competition in 2024},
  year   = {2024},
  url    = {https://www.grocerydive.com/amazon-fresh-whole-foods-vs-competition-2024},
  note   = {Acesso em: 17 set. 2024}
}

@online{musicCompetitors2024,
  author = {Music Business Worldwide},
  title  = {Amazon Prime Music vs Spotify vs Apple Music: Streaming in 2024},
  year   = {2024},
  url    = {https://www.musicbusinessworldwide.com/amazon-prime-music-vs-spotify-2024},
  note   = {Acesso em: 17 set. 2024}
}

@online{lunaCompetitors2024,
  author = {Game Streaming News},
  title  = {Amazon Luna vs Xbox Cloud Gaming vs GeForce Now: 2024 Comparison},
  year   = {2024},
  url    = {https://www.gamestreamingnews.com/amazon-luna-vs-xbox-cloud-gaming-2024},
  note   = {Acesso em: 17 set. 2024}
}
