@online{netflix_esg,
  author = {Redação Netflix},
  title  = {Netflix - Environmental, Social \& Governance},
  year   = {2024},
  url    = {https://ir.netflix.net/governance/ESG/default.aspx},
  note   = {Acesso em: 22 set. 2024}
}