@article{bezosbiography2024,
  author = {Editors of Britannica},
  title  = {Jeff Bezos Biography, Amazon, \& Facts},
  year   = {2024},
  url    = {https://www.britannica.com/biography/Jeff-Bezos},
  note   = {Acesso em: 17 set. 2024}
}
