

@article{nubank2024,
  author = {Nubank},
  title  = {Principais produtos},
  year   = {2024},
  url    = {https://blog.nubank.com.br/quais-produtos-o-nubank-tem/},
  note   = {Acesso em: 8 out. 2024}
}
