@online{jurislaw2023,
  author = {Juris Law Group},
  title  = {Understanding Intellectual Property Protections in the Food and Beverage Industry},
  year   = {2023},
  url    = {https://jurislawgroup.com},
  note   = {Acesso em: 29 set. 2024}
}

@online{dlapiper2023,
  author = {DLA Piper},
  title  = {Intellectual property rights in food startups},
  year   = {2023},
  url    = {https://www.dlapiper.com},
  note   = {Acesso em: 29 set. 2024}
}
