@misc{nubankesg2024,
  author = {Nubank},
  title  = {Relatório ESG do Nubank 2022: conheça os principais indicadores},
  year   = {2022},
  url    = {https://blog.nubank.com.br/relatorio-esg-nubank-2022/},
  note   = {Acesso em: 8 out. 2024}
}
