@online{amazonGlobalOffices2023,
  author = {Amazon},
  title  = {Amazon Global Offices and Locations},
  year   = {2023},
  url    = {https://www.aboutamazon.eu},
  note   = {Acesso em: 17 set. 2024}
}
