@online{tecmundo2023,
  author = {TecMundo},
  title  = {iFood registra queda de 66\% no lucro com entregas de refeições},
  year   = {2023},
  url    = {https://www.tecmundo.com.br/mercado/241022-ifood-registra-queda-66-lucro-entregas-refeicoes.htm},
  note   = {Acesso em: 29 set. 2024}
}
