@online{idinheiro2023,
  author = {iDinheiro},
  title  = {Saiba quais s√£o os 7 melhores aplicativos de delivery!},
  year   = {2023},
  url    = {https://www.idinheiro.com.br/financaspessoais/aplicativo-de-delivery/},
  note   = {Acesso em: 29 set. 2024}
}
