@article{velez2024,
  author = {David Vélez},
  title  = {Como David Vélez Construiu o Nubank, O Maior Banco Digital do Mundo},
  year   = {2024},
  url    = {https://www.forbes.com/profile/david-velez/},
  note   = {Acesso em: 8 out. 2024}
}

@article{junqueira2024,
  author = {Cristina Junqueira},
  title  = {Cristina Junqueira: Co-fundadora do Nubank e a Revolução Bancária no Brasil},
  year   = {2024},
  url    = {https://www.suno.com.br/tudo-sobre/cristina-junqueira/},
  note   = {Acesso em: 8 out. 2024}
}


@article{wible2024,
  author = {Edward Wible},
  title  = {Edward Wible e a Arquitetura Tecnológica do Nubank},
  year   = {2024},
  url    = {https://economia.uol.com.br/noticias/redacao/2021/12/21/quem-sao-fundadores-nubank-bilionarios.htm},
  note   = {Acesso em: 8 out. 2024}
}
