@online{ifoodsocial2023,
  author = {iFood},
  title  = {Ações de impacto social do iFood},
  year   = {2023},
  url    = {https://institucional.ifood.com.br/entregadores/acoes-impacto-social-ifood/},
  note   = {Acesso em: 29 set. 2024}
}
