@online{ifoodmeioambiente2023,
  author = {iFood},
  title  = {Conheça as metas do iFood na área de meio ambiente},
  year   = {2023},
  url    = {https://institucional.ifood.com.br/sustentabilidade/impacto-social/},
  note   = {Acesso em: 29 set. 2024}
}

@online{ifoodrelatorio2023,
  author = {iFood},
  title  = {Relatório de Sustentabilidade do iFood 2022/2023},
  year   = {2023},
  url    = {https://institucional.ifood.com.br/wp-content/uploads/2024/02/iFood_FY23_Final-2.pdf},
  note   = {Acesso em: 29 set. 2024}
}

@online{ifoodnews2023,
  author = {iFood},
  title  = {iFood Pedal e outras iniciativas sustentáveis},
  year   = {2023},
  url    = {https://institucional.ifood.com.br/noticias/impacto-social-do-ifood/},
  note   = {Acesso em: 29 set. 2024}
}
