@online{amazonQ42023,
  author = {S2 Q4 CDN},
  title  = {AMZN Q4 2023 Earnings Release},
  year   = {2024},
  url    = {https://s2.q4cdn.com/299287126/files/doc_financials/2023/q4/AMZN-Q4-2023-Earnings-Release.pdf},
  note   = {Acesso em: 17 set. 2024}
}
