@online{netflix_paises,
  author = {Netflix},
  title  = {Como assistir Ã  Netflix na TV},
  year   = {2024},
  url    = {https://help.netflix.com/pt/node/14164},
  note   = {Acesso em: 22 set. 2024}
}
