@online{amazonSustainability,
  author = {Amazon},
  title  = {Amazon Housing Equity Fund},
  year   = {2023},
  url    = {https://sustainability.aboutamazon.com/communities},
  note   = {Acesso em: 17 set. 2024}
}
