@online{netflix_investing2024,
  author = {Redação Investing},
  title  = {Lucro Líquido Anual da Netflix},
  year   = {2024},
  url    = {https://br.investing.com/academy/statistics/faturamento-netflix},
  note   = {Acesso em: 22 set. 2024}
}
