@article{amazon2024products,
  author = {History.com Editors},
  title  = {Amazon.com and its Key Products},
  year   = {2024},
  url    = {https://www.history.com/this-day-in-history/amazon-key-products},
  note   = {Acesso em: 17 set. 2024}
}