@online{amazonSustainability2023,
  author = {Amazon Sustainability},
  title  = {Sustainability at Amazon: 2023 Report},
  year   = {2023},
  url    = {https://sustainability.aboutamazon.com},
  note   = {Acesso em: 17 set. 2024}
}

@online{amazonGlobalImpact2023,
  author = {Amazon},
  title  = {Global Environmental Impact Initiatives},
  year   = {2023},
  url    = {https://www.aboutamazon.com},
  note   = {Acesso em: 17 set. 2024}
}
