@online{amazonPatents2024,
  author = {GreyB},
  title  = {Amazon Patent Strategy: Decoding 15,000+ Patents},
  year   = {2024},
  url    = {https://www.greyb.com/amazon-patents-strategy},
  note   = {Acesso em: 17 set. 2024}
}