@online{netflix_historico,
  author = {Redação Exame},
  title  = {De vencedora a vencida: o que a queda da Blockbuster para a Netflix revela sobre liderança e inovação},
  year   = {2023},
  url    = {https://exame.com/negocios/de-vencedora-a-vencida-o-que-a-queda-da-blockbuster-para-netflix-revela-sobre-lideranca-e-inovacao/},
  note   = {Acesso em: 22 set. 2024}
}
