@article{leverageedu2024,
  author = {Leverage Edu Editors},
  title  = {Jeff Bezos Education, Biography \& the Amazon Story},
  year   = {2022},
  url    = {https://leverageedu.com/blog/jeff-bezos-education/},
  note   = {Acesso em: 17 set. 2024}
}
