@article{nubank2023,
  author = {Nubank},
  title  = {Nubank 10 anos: A história por trás da maior fintech da América Latina},
  year   = {2023},
  url    = {https://international.nubank.com.br/},
  note   = {Acesso em: 8 out. 2024}
}
