@online{netflix_sustainability,
  author = {Redação About Netflix},
  title  = {Our Sustainability Progress: Three Years In},
  year   = {2024},
  url    = {https://about.netflix.com/sustainability},
  note   = {Acesso em: 22 set. 2024}
}

