@online{netflix_new_grad,
  author = {Netflix Jobs},
  title  = {New Grad Program},
  year   = {2024},
  url    = {https://jobs.netflix.com/new-grad-program},
  note   = {Acesso em: 22 set. 2024}
}

@online{netflix_intern_program,
  author = {Netflix Jobs},
  title  = {Internship Program},
  year   = {2024},
  url    = {https://jobs.netflix.com/intern-program},
  note   = {Acesso em: 22 set. 2024}
}

@online{netflix_bootcamp,
  author = {Opportunity Desk},
  title  = {Netflix Pathways Bootcamp 2023 for Rising Seniors in the U.S.},
  year   = {2023},
  url    = {https://opportunitydesk.org/netflix-pathways-bootcamp-2023},
  note   = {Acesso em: 22 set. 2024}
}

