@online{concorrentes_streaming,
  author = {Redação O Cafezinho},
  title  = {A Netflix acaba de vencer uma batalha crucial nas guerras de streaming},
  year   = {2024},
  url    = {https://www.ocafezinho.com/2024/01/28/a-netflix-acaba-de-vencer-uma-batalha-crucial-nas-guerras-de-streaming/},
  note   = {Acesso em: 22 set. 2024}
}
