@online{netflix_patentes,
  author = {GreyB},
  title  = {Netflix Patents: What they are and how they impact the streaming industry},
  year   = {2023},
  url    = {https://insights.greyb.com/netflix-patents/},
  note   = {Acesso em: 22 set. 2024}
}
