@online{amazonCareerChoice2024,
  author = {Amazon},
  title  = {Amazon Career Choice - Education and Upskilling Program},
  year   = {2024},
  url    = {https://hiring.amazon.com/why-amazon/career-advancement},
  note   = {Acesso em: 17 set. 2024}
}

@online{amazonLeadershipTraining2024,
  author = {Amazon},
  title  = {Leadership Development and Training},
  year   = {2024},
  url    = {https://www.amazon.jobs/en/job_categories/leadership-development-training},
  note   = {Acesso em: 17 set. 2024}
}
