@misc{epocanegocios2024,
  author = {Época Negócios},
  title  = {Nubank lança programa de estágio profissional com foco em tecnologia},
  year   = {2024},
  url    = {https://epocanegocios.globo.com/empresas/noticia/2024/03/nubank-lanca-programa-de-estagio-profissional-com-foco-em-tecnologia.ghtml},
  note   = {Acesso em: 8 out. 2024}
}

@misc{nubankcarreiras2024,
  author = {Nubank},
  title  = {Carreiras Nubank},
  year   = {2024},
  url    = {https://international.nubank.com.br/pt-br/carreiras/},
  note   = {Acesso em: 8 out. 2024}
}

@misc{nubankapm2024,
  author = {Nubank},
  title  = {Nubank lança programa para contratação e formação de Associate Product Managers},
  year   = {2024},
  url    = {https://blog.nubank.com.br/nubank-lanca-programa-para-contratacao-e-formacao-de-associate-product-managers/},
  note   = {Acesso em: 8 out. 2024}
}
