@online{ifood2023history,
  author = {iFood},
  title  = {História e Operações da iFood},
  year   = {2023},
  url    = {https://www.tecmundo.com.br/ifood},
  note   = {Acesso em: 29 set. 2024}
}
