@online{ifood2023products,
  author = {iFood},
  title  = {Delivery de Comida e Mercado},
  year   = {2023},
  url    = {https://www.ifood.com.br/},
  note   = {Acesso em: 29 set. 2024}
}
