@misc{nubank2024international,
  author = {Nubank},
  title = {Sobre o Nu},
  year = {2024},
  url = {https://international.nubank.com.br/pt-br/sobre/},
  note = {Acesso em: 8 out. 2024}
}
