@misc{infomoney2024,
  author = {InfoMoney},
  title = {Nubank, Inter, Next e outros: compare os principais bancos digitais do Brasil},
  year = {2024},
  url = {https://www.infomoney.com.br/consumo/nubank-inter-next-e-outros-compare-os-principais-bancos-digitais-do-brasil/},
  note = {Acesso em: 8 out. 2024}
}

