@online{ifooddecola2023,
  author = {iFood},
  title  = {iFood Educação - Programas de Desenvolvimento e Capacitação},
  year   = {2023},
  url    = {https://institucional.ifood.com.br/noticias/ifood-educacao/},
  note   = {Acesso em: 29 set. 2024}
}
